@MISC{sdlc,
	howpublished = {\url{https://www.guru99.com/what-is-incremental-model-in-sdlc-advantages-disadvantages.html}},
	title = {Incremental Model in SDLC: Use, Advantage \& Disadvantage}
}

@MISC{raspberry,
	howpublished = {\url{https://www.raspberrypi.org/help/what-%20is-a-raspberry-pi/}},
	title = {What's Raspberry Pi?}
}

@MISC{linear,
	howpublished = {\url{https://www.electronics-tutorials.ws/io/io_6.html}},
	title = {Linear Solenoid Actuator}
}

@MISC{insteon,
	howpublished = {\url{https://www.insteon.com/}},
	title = {Insteon}
}

@MISC{wink,
	howpublished = {\url{https://www.wink.com/about/}},
	title = {Wink | About us}
}

@MISC{samsung,
	howpublished = {\url{https://www.smartthings.com/}},
	title = {SmartThings. Add a little smartness to your things.}
}
